<?xml version="1.0" encoding="UTF-8"?><collection xmlns="http://www.loc.gov/MARC21/slim"><record><leader>00403nam--2200133-i-4500</leader><controlfield tag="001">000003446</controlfield><controlfield tag="002">20161230</controlfield><controlfield tag="005">20161230201025</controlfield><controlfield tag="008">060222s1000------------r-----000-0-eng-d</controlfield><datafield ind1=" " ind2=" " tag="100"><subfield code="a">Bergman, L</subfield></datafield><datafield ind1=" " ind2=" " tag="245"><subfield code="a">Schwingende kristalle und ihre anwendung in de r hochfrequenz und ultraschalltechnik</subfield></datafield><datafield ind1=" " ind2=" " tag="260"><subfield code="a">Leipzig, B.G.Teubner, 1951 51 P.+ Ilustr</subfield></datafield><datafield ind1=" " ind2=" " tag="490"><subfield code="a">Mathematisch-physik. Bibliothek</subfield></datafield><datafield ind1=" " ind2=" " tag="852"><subfield code="a">3705</subfield></datafield></record></collection>